@Article{wolff,
  title = {Collective Monte Carlo Updating for Spin Systems},
  author = {Wolff, Ulli },
  journal = {Phys. Rev. Lett.},
  volume = {62},
  number = {4},
  pages = {361--364},
  numpages = {3},
  year = {1989},
  month = {Jan},
  doi = {10.1103/PhysRevLett.62.361},
  publisher = {American Physical Society}
}


@Article{nb1996,
  title = {Dynamic Exponent of the Two-Dimensional Ising Model and Monte Carlo Computation of the Subdominant Eigenvalue of the Stochastic Matrix},
  author = {Nightingale, M. P. and Bl\"ote, H. W. J.},
  journal = {Phys. Rev. Lett.},
  volume = {76},
  number = {24},
  pages = {4548--4551},
  numpages = {3},
  year = {1996},
  month = {Jun},
  doi = {10.1103/PhysRevLett.76.4548},
  publisher = {American Physical Society}
}

@ARTICLE{top101,
AUTHOR={Dongarra, J. and Sullivan, F.},
JOURNAL={Computing in Science and Engineering},
VOLUME={2},
YEAR={2000},
PAGES={22} }

@ARTICLE{top102,
AUTHOR={Cipra, B.},
JOURNAL={SIAM News},
VOLUME={33},
YEAR={2000},
PAGES={1} }


@BOOK{robertcasella,
AUTHOR={Robert, C.P. and Casella, G.},
TITLE={Monte Carlo Statistical Methods},
PUBLISHER={Springer Verlag},
PLACE={Berlin},
YEAR={2004}}


@BOOK{stanley,
AUTHOR={Stanley, H.E.},
TITLE={Introduction to Phase Transitions and Critical Phenomena},
PUBLISHER={Oxford University Press},
PLACE={Oxford},
YEAR={1971}}

@BOOK{cardy,
AUTHOR={Cardy, J.},
TITLE={Scaling and Renormalization in Statistical Physics},
PUBLISHER={Cambridge University Press},
PLACE={Cambridge},
YEAR={1996}}


@BOOK{pliscke,
AUTHOR={Pliscke, M. and Bergersen, B.},
TITLE={Equilibrium Statistical Physics},
PUBLISHER={Prentice-Hall},
PLACE={Englewood Cliffs, NJ},
YEAR={1989}}

@BOOK{mermin,
AUTHOR={Ashcroft, N.W and Mermin, N.D.},
TITLE={Solid State Physics},
PUBLISHER={Holt-Saunders},
PLACE={Philadelphia},
YEAR={1976}}

@Article{Onsager,
  title = {Crystal Statistics. I. A Two-Dimensional Model with an Order-Disorder Transition},
  author = {Onsager, Lars },
  journal = {Phys. Rev.},
  volume = {65},
  number = {3-4},
  pages = {117--149},
  numpages = {32},
  year = {1944},
  month = {Feb},
  doi = {10.1103/PhysRev.65.117},
  publisher = {American Physical Society}
}


@BOOK{thij,
AUTHOR={Thijssen, J.M.},
TITLE={Computational Physics},
PUBLISHER={Springer Verlag},
PLACE={Berlin},
YEAR={1999}}

@BOOK{eriksson1996,
AUTHOR={Eriksson, K. and Estep, D. and Hansbo, P. and Johnson, C.},
TITLE={Computational Differential Equations},
PUBLISHER={Cambridge University Press},
PLACE={Cambridge},
YEAR={1996}}

@BOOK{km90,
AUTHOR={Koonin, S.E. and Meredith, D.},
TITLE={Computational Physics},
PUBLISHER={Addison Wesley},
PLACE={New York, NY},
YEAR={1990}}

@BOOK{fishman,
AUTHOR={Fishman, G.S.},
TITLE={Monte Carlo, Concepts, Algorithms and Applications},
PUBLISHER={Springer},
PLACE={New York, NY},
YEAR={1996}}

@BOOK{liboff,
AUTHOR={Liboff, R.L.},
TITLE={Introductory Quantum Mechanics},
PUBLISHER={Addison Wesley},
PLACE={San Francisco, CA},
YEAR={2003}}


@BOOK{gibbs94,
AUTHOR={Gibbs, J.},
TITLE={Computational Physics},
PUBLISHER={World Scientific},
PLACE={Singapore},
YEAR={1994}}


@BOOK{kress,
AUTHOR={Kress, R.},
TITLE={Numerical Analysis},
PUBLISHER={Springer},
PLACE={Berlin},
YEAR={1998}}


@BOOK{Karatsas,
AUTHOR={Karatsas, I.  and Shreve, S.E.},
TITLE={Brownian Motion and Stochastic Calculus},
PUBLISHER={Springer},
PLACE={Berlin},
YEAR={1988}}


@BOOK{pacard,
AUTHOR={Pacard, F. and Riviere, T.},
TITLE={Linear and Nonlinear Aspects of Vortices: The Ginzburg-Landau Model},
PUBLISHER={Birkh{\"a}user},
PLACE={Berlin},
YEAR={2000}}


@BOOK{johnson,
AUTHOR={Johnson, J.L.},
TITLE={Probability and Statistics for Computer Science},
PUBLISHER={Wiley-Interscience},
PLACE={Hoboken, NJ},
YEAR={2003}}

@BOOK{beazley,
AUTHOR={Beazley, D.M.},
TITLE={Python Essential Reference},
PUBLISHER={New Riders},
PLACE={Indianapolis, IN},
YEAR={2001}}


@BOOK{nb1999,
AUTHOR={Newman, M.E.J. and Barkema, G.T.},
TITLE={Monte Carlo Methods in Statistical Physics},
PUBLISHER={Clarendon Press},
PLACE={Oxford},
YEAR={1999}}


@BOOK{franek,
AUTHOR={Franek, F.},
TITLE={Memory as a Programming Concept in C and C++},
PUBLISHER={Cambridge University Press},
PLACE={Cambridge},
YEAR={2004}}



@BOOK{rammohan,
AUTHOR={Ramdas Ram-Mohan, L.},
TITLE={Finite Element and Boundary Element Applications in Quantm Mechanics},
PUBLISHER={Oxford University Press},
PLACE={Oxford},
YEAR={2002}}


@BOOK{berryhill,
AUTHOR={Berryhill, J.R.},
TITLE={C++ Scientific Programming},
PUBLISHER={Wiley-Interscience},
PLACE={New Jersey},
YEAR={2001}}

@BOOK{reek,
AUTHOR={Reek, K.A.},
TITLE={Pointers on C},
PUBLISHER={Addison Wesley},
PLACE={Reading},
YEAR={1998}}

@BOOK{barton,
AUTHOR={Barton, J.J. and Nackman, L.R.},
TITLE={Scientific and Engineering C++},
PUBLISHER={Addison Wesley},
PLACE={Reading},
YEAR={1994}}

@BOOK{flowers,
AUTHOR={Flowers, B.H.},
TITLE={An Introduction to Numerical Methods in  C++},
PUBLISHER={Oxford University Press},
PLACE={Oxford},
YEAR={2000}}

@BOOK{giordano94,
AUTHOR={Giordano, B. and Nakanishi, H.},
TITLE={Computational Physics},
PUBLISHER={Preston},
PLACE={London},
YEAR={2005}}

@BOOK{landau,
AUTHOR={Landau, R.H. and Paez, M.J.},
TITLE={Computational Physics},
PUBLISHER={Wiley},
PLACE={New York},
YEAR={1997}}

@BOOK{landaubinder,
AUTHOR={Landau, D.P. and Binder, K.},
TITLE={A Guide to Monte Carlo Simulations in Statistical Physics},
PUBLISHER={Cambridge University Press},
PLACE={Cambridge},
YEAR={2000}}

@BOOK{rothman,
AUTHOR={Rothman, D.H. and Zaleski, S.},
TITLE={Lattice-Gas Cellular Automata},
PUBLISHER={Cambridge University Press},
PLACE={Cambridge},
YEAR={2004}}

@BOOK{hpl1,
AUTHOR={Langtangen, H.P.},
TITLE={Python Scripting for Computational Science},
PUBLISHER={Springer},
PLACE={Berlin},
YEAR={2006}}

@BOOK{hpl2,
AUTHOR={Langtangen, H.P.},
TITLE={Computational Partial Differential Equations: Numerical Methods and Diffpack Programming},
PUBLISHER={Springer},
PLACE={Berlin},
YEAR={1999}}

@BOOK{ortega81,
AUTHOR={Ortega, J.M. and Poole, W.C.},
TITLE={An Introduction to Numerical Methods for Differential Equations},
PUBLISHER={Pitman},
PLACE={Boston},
YEAR={1981}}

@BOOK{edwards,
AUTHOR={Edwards, C.H. and Penney, D.E.},
TITLE={Differential Equations, Computing and Modeling},
PUBLISHER={Pearson Prentice Hall},
PLACE={Upper Saddle River, NJ},
YEAR={2004}}

@BOOK{guardiola,
AUTHOR={Guardiola, R. and Higon, E. and Ros, J.},
TITLE={Metodes Num\`erics per a la F\'isica},
PUBLISHER={Universitat de Valencia},
PLACE={Valencia},
YEAR={1997}}

@BOOK{fritz,
AUTHOR={Schmid, E.W. and Spitz, G. and L\"osch, W.},
TITLE={Theoretische Physik mit dem Personal Computer},
PUBLISHER={Springer Verlag},
PLACE={Berlin},
YEAR={1987}}

@BOOK{demmel,
AUTHOR={Demmel, J.W.},
TITLE={Numerical Linear Algebra},
PUBLISHER={SIAM Publications},
PLACE={Philadelphia, PA},
YEAR={1996}}

@BOOK{datta,
AUTHOR={Datta, B.N.},
TITLE={Numerical Linear Algebra and Applications},
PUBLISHER={Brooks/Cole Publishing Company},
PLACE={Pacific Grove, CA},
YEAR={1995}}

@BOOK{gt96,
AUTHOR={Gould, H. and Tobochnik, J.},
TITLE={An Introduction to Computer Simulation Methods: Applications to Physical Systems},
PUBLISHER={Addison-Wesley},
PLACE={New York, NY},
YEAR={1996}}

@BOOK{st83,
AUTHOR={Stoer, J. and Bulirsch, R.},
TITLE={Introduction to Numerical Analysis},
PUBLISHER={Springer Verlag},
PLACE={Berlin},
YEAR={1983}}

@BOOK{f95ref,
AUTHOR={Smith, B.T. and Adams, J.C. and Brainerd, W.S. and Wagener, J.L.},
TITLE={Fortran 95 Handbook},
PUBLISHER={MIT press},
PLACE={Cambridge, Ma},
YEAR={1997}}

@BOOK{f90,
AUTHOR={Metcalf, M. and Reid, J.},
TITLE={The F90 Programming Language},
PUBLISHER={Oxford University Press},
PLACE={Oxford, UK},
YEAR={1996}}

@BOOK{numrec,
AUTHOR={Press, W.H. and Flannery, B.P. and Teukolsky, S.A. and Vetterling, W.T.},
TITLE={Numerical Recipes in C++, The art of scientific Computing},
PUBLISHER={Cambridge University Press},
PLACE={London},
YEAR={1999}}

@BOOK{golub,
AUTHOR={Golub, G.H. and Van Loan, C.F.},
TITLE={Matrix Computations},
PUBLISHER={John Hopkins University Press},
PLACE={Baltimore and London},
YEAR={1996}}


@BOOK{trefethen,
AUTHOR={Trefethen, L.N. and Bau III, D.},
TITLE={Numerical Linear Algebra},
PUBLISHER={SIAM Publications},
PLACE={Philadelphia, PA},
YEAR={1997}}


@BOOK{kincaid,
AUTHOR={D.~Kincaid and W.~Cheney},
TITLE={Numerical Analysis},
PUBLISHER={Brooks/Gole Publishing Company},
PLACE={Pacific Grove, CA},
YEAR={1996}}

@BOOK{jung99,
TITLE={Java Numerics},
PUBLISHER={\url{http://math.nist.gov/javanumerics/}}}

@BOOK{blitzref,
AUTHOR={Veldhuizen, T.},
TITLE={Blitz++ User's Guide},
PUBLISHER={\url{http://www.oonumerics.org/blitz/}},
YEAR={2003}}


@BOOK{lapack,
TITLE={LAPACK -- Linear Algebra PACKage},
PUBLISHER={\url{http://www.netlib.org/lapack/}}}


@BOOK{pb1989,
AUTHOR={Plischke, M. and Bergersen, B.},
TITLE={Equilibrium Statistical Physics},
PUBLISHER={Prentice-Hall},
PLACE={Englewood Cliffs, New Jersey},
YEAR={1989}}


@BOOK{liverpool94,
AUTHOR={Marshall, A.C.},
TITLE={Fortran 90 Programming},
PUBLISHER={University of Liverpool},
PLACE={Liverpool, \url{http://www.liv.ac.uk/HPC/F90page.html}},
YEAR={1995}}

@BOOK{mpiref,
AUTHOR={Snir, M. and Otto, S. and Huss-Ledermann, S. and Walker, D. and Dongarra, J.},
TITLE={MPI, the Complete Reference, Vols I and II},
PUBLISHER={The MIT Press},
PLACE={Cambridge, Ma},
YEAR={1998}}

@BOOK{mpiref2,
AUTHOR={Gropp, W. and Lusk, E. and Skjellum, A.},
TITLE={Using MPI},
PUBLISHER={The MIT Press},
PLACE={Cambridge, Ma},
YEAR={1999}}

@Article{lk90,
  title = {New numerical method to study phase transitions},
  author = {Lee, Jooyoung  and Kosterlitz, J. M.},
  journal = {Phys. Rev. Lett.},
  volume = {65},
  number = {2},
  pages = {137--140},
  numpages = {3},
  year = {1990},
  month = {Jul},
  doi = {10.1103/PhysRevLett.65.137},
  publisher = {American Physical Society}
}

@Article{lk91,
  title = {Finite-size scaling and Monte Carlo simulations of first-order phase transitions},
  author = {Lee, Jooyoung  and Kosterlitz, J. M.},
  journal = {Phys. Rev. B},
  volume = {43},
  number = {4},
  pages = {3265--3277},
  numpages = {12},
  year = {1991},
  month = {Feb},
  doi = {10.1103/PhysRevB.43.3265},
  publisher = {American Physical Society}
}

@Article{fs88,
  title = {New Monte Carlo technique for studying phase transitions},
  author = {Ferrenberg, Alan M. and Swendsen, Robert H.},
  journal = {Phys. Rev. Lett.},
  volume = {61},
  number = {23},
  pages = {2635--2638},
  numpages = {3},
  year = {1988},
  month = {Dec},
  doi = {10.1103/PhysRevLett.61.2635},
  publisher = {American Physical Society}
}

@Article{fs89,
  title = {Optimized Monte Carlo data analysis},
  author = {Ferrenberg, Alan M. and Swendsen, Robert H.},
  journal = {Phys. Rev. Lett.},
  volume = {63},
  number = {12},
  pages = {1195--1198},
  numpages = {3},
  year = {1989},
  month = {Sep},
  doi = {10.1103/PhysRevLett.63.1195},
  publisher = {American Physical Society}
}

@BOOK{shapiro,
AUTHOR ={Shapiro, S. L. and  Teukolsky, S. A.},
TITLE={Black holes, white dwarfs,
and neutron stars: the physics of compact objects},
PUBLISHER ={Wiley},
PLACE={New York},
YEAR ={1983}}

@BOOK{lamb,
AUTHOR ={Lamb, F. K.}, 
TITLE ={Frontiers of stellar evolution, edited by D. L. Lambert},
PUBLISHER ={Astronomy Society of the Pacific},
PLACE={San Francisco},
PAGES={299},
YEAR ={1991}}


@ARTICLE {bethejohnson1974,
AUTHOR ={Bethe, H.A. and Johnson, M.B.},
JOURNAL ={Nucl. Phys. A},
VOLUME ={230},
PAGES={1},
YEAR ={1974}}

@BOOK{glasserman,
AUTHOR={Glasserman, P.},
TITLE={Monte Carlo Methods in Financial Engineering},
PUBLISHER={Springer Verlag},
PLACE={Berlin},
YEAR={2004}}


@BOOK{jackel,
AUTHOR={Jackel, P.},
TITLE={Monte Carlo Methods in Finance},
PUBLISHER={John Wiley and Sons, LTD},
PLACE={Chichester, West Sussex},
YEAR={2002}}


@ARTICLE {mz1994,
AUTHOR ={Marzaglia, H.A. and Zaman, B.},
JOURNAL ={Computers in Physics},
VOLUME ={8},
PAGES={117},
YEAR ={1994}}


@article{metropolisalgo,
author = {Nicholas Metropolis and Arianna W. Rosenbluth and Marshall N. Rosenbluth and Augusta H. Teller and Edward Teller},
collaboration = {},
title = {Equation of State Calculations by Fast Computing Machines},
publisher = {AIP},
year = {1953},
journal = {The Journal of Chemical Physics},
volume = {21},
number = {6},
pages = {1087-1092},
url = {http://link.aip.org/link/?JCP/21/1087/1},
}


@BOOK{cs92,
AUTHOR ={Chadan, K. and Sabatier, P. C.},
TITLE ={Inverse Problems in
Quantum Scattering Theory},
PUBLISHER ={Springer},
PLACE={New York},
YEAR ={1992}}



@BOOK {glendenning2000,
AUTHOR ={Glendenning, N. K.},
TITLE ={Compact Stars},
PUBLISHER ={Springer},
PLACE={Berlin},
YEAR ={2000}}


@ARTICLE {gross61,
AUTHOR ={Gross, E.P.},
JOURNAL ={Nuovo Cimento},
VOLUME ={20},
PAGES={454},
YEAR ={1961}}

@ARTICLE {pita61,
AUTHOR ={Pitaevskii, L.P.},
JOURNAL ={Zh.EKSP.Teor.Fiz.},
VOLUME ={40},
PAGES={646},
YEAR ={1961}}

@Article{dalfovo99,
  title = {Theory of Bose-Einstein condensation in trapped gases},
  author = {Dalfovo, Franco  and Giorgini, Stefano  and Pitaevskii, Lev P. and Stringari, Sandro },
  journal = {Rev. Mod. Phys.},
  volume = {71},
  number = {3},
  pages = {463--512},
  numpages = {49},
  year = {1999},
  month = {Apr},
  doi = {10.1103/RevModPhys.71.463},
  publisher = {American Physical Society}
}

@Article{jas55,
  title = {Many-Body Problem with Strong Forces},
  author = {Jastrow, Robert },
  journal = {Phys. Rev.},
  volume = {98},
  number = {5},
  pages = {1479--1484},
  numpages = {5},
  year = {1955},
  month = {Jun},
  doi = {10.1103/PhysRev.98.1479},
  publisher = {American Physical Society}
}

@Article{sw87,
  title = {Nonuniversal critical dynamics in Monte Carlo simulations},
  author = {Swendsen, Robert H. and Wang, Jian-Sheng },
  journal = {Phys. Rev. Lett.},
  volume = {58},
  number = {2},
  pages = {86--88},
  numpages = {2},
  year = {1987},
  month = {Jan},
  doi = {10.1103/PhysRevLett.58.86},
  publisher = {American Physical Society}
}



@ARTICLE{mhj_95,
AUTHOR={Hjorth-Jensen, M. and Kuo, T. T. S. and Osnes, E.},
JOURNAL={Phys. Rep.},
VOLUME={261}, 
PAGES={125},
YEAR={1995}}


@ARTICLE{nstar,
AUTHOR={Tsuruta, S.},
JOURNAL={Phys. Rep.},
VOLUME={292},
PAGES={1},
YEAR={1998}}


@BOOK{bj76,
AUTHOR={Brown, G. E.  and  Jackson, A. D.},
TITLE={The Nucleon-Nucleon Interaction},
PUBLISHER={North-Holland},
PLACE={Amsterdam},
YEAR={1976}}




@BOOK{talmi93,
AUTHOR={Talmi, I.},
TITLE={Simple Models of Complex Nuclei},
PUBLISHER={Harwood Academic Publishers}, 
PLACE={Chur, Switzerland},
YEAR={1993}}


@ARTICLE{hh2000,
AUTHOR={Heiselberg, H. and Hjorth-Jensen, M.},
JOURNAL={Phys. Rep.},
VOLUME={328},
PAGES={237},
YEAR={2000}}




@BOOK{pagels,
AUTHOR ={Pagels, H. R.},
TITLE ={Cosmic Code: Quantum Physics as the Law of Nature},
PUBLISHER ={Simon and Schuster},
PLACE={New York},
YEAR ={1982}}


@BOOK{pb98x,
AUTHOR ={Erdelyi, D.},
TITLE={Higher Transcendental Functions},
PUBLISHER={McGraw-Hill},
PLACE={New York},
YEAR={1953},
VOLUME ={I}}


@BOOK{cs92,
AUTHOR ={Chadan, K. and Sabatier, P. C.},
TITLE ={Inverse Problems in
Quantum Scattering Theory},
PUBLISHER ={Springer},
PLACE={New York},
YEAR ={1992}}


@ARTICLE {balberg1999,
AUTHOR ={Schaab, C. and Balberg, S. and Schaffner-Bielich, J.},
JOURNAL ={Ap. J.},
VOLUME ={509},
PAGES={L99},
YEAR ={1998}}

@ARTICLE {akmal98,
AUTHOR ={Akmal, A. and Pandharipande, V. R. and Ravenhall, D. G.},
JOURNAL ={Phys. Rev. C},
VOLUME ={58},
PAGES={1804},
YEAR ={1998}}

@ARTICLE {eeho98,
AUTHOR ={Elgar{\o}y, {\O}. and Engvik, L. and Hjorth-Jensen, M. and Osnes, E.},
JOURNAL ={Phys. Rev. C},
VOLUME ={57},
PAGES={R1069},
YEAR ={1998}}

@ARTICLE {adelchi97,
AUTHOR ={Fabrocini, A. and Arias de Savedra, F. and C\'o, G.  and Folgarait, P.},
JOURNAL ={Phys. Rev. C},
VOLUME ={57},
PAGES={1668},
YEAR ={1998}}



@ARTICLE{richardson1,
AUTHOR={Richardson, R. W.},
JOURNAL={Phys. Lett.},
VOLUME={3},
YEAR={1963},
PAGE={277}}

@ARTICLE{richardson2,
AUTHOR={Richardson, R. W.},
JOURNAL={Phys. Lett.},
VOLUME={14},
YEAR={1965},
PAGE={325}}

@ARTICLE{richardson3,
AUTHOR={Richardson, R. W.},
JOURNAL={J. Math. Phys.},
VOLUME={6},
YEAR={1965},
PAGE={1034}}


@ARTICLE{richardson4,
AUTHOR={Richardson, R. W.},
JOURNAL={J. Math. Phys.},
VOLUME={18},
YEAR={1967},
PAGE={1802}}

@ARTICLE{richardson5,
AUTHOR={Richardson, R. W.},
JOURNAL={Phys. Rev.},
VOLUME={141},
YEAR={1966},
PAGE={949}}

@ARTICLE{richardson6,
AUTHOR={Richardson, R. W.},
JOURNAL={Phys. Rev.},
VOLUME={144},
YEAR={1966},
PAGE={874}}

@ARTICLE{richardson7,
AUTHOR={Richardson, R. W.},
JOURNAL={Phys. Rev.},
VOLUME={159},
YEAR={1967},
PAGE={792}}


